%YAML 1.1
%TAG !u! tag:unity3d.com,2011:
--- !u!1 &8098862184091115357
GameObject:
  m_ObjectHideFlags: 0
  m_CorrespondingSourceObject: {fileID: 0}
  m_PrefabInstance: {fileID: 0}
  m_PrefabAsset: {fileID: 0}
  serializedVersion: 6
  m_Component:
  - component: {fileID: 8098862184091115344}
  - component: {fileID: 8098862184091115346}
  - component: {fileID: 8098862184091115347}
  - component: {fileID: 8098862184091115345}
  m_Layer: 0
  m_Name: HitEnemy_S1_H
  m_TagString: Untagged
  m_Icon: {fileID: 0}
  m_NavMeshLayer: 0
  m_StaticEditorFlags: 0
  m_IsActive: 1
--- !u!4 &8098862184091115344
Transform:
  m_ObjectHideFlags: 0
  m_CorrespondingSourceObject: {fileID: 0}
  m_PrefabInstance: {fileID: 0}
  m_PrefabAsset: {fileID: 0}
  m_GameObject: {fileID: 8098862184091115357}
  m_LocalRotation: {x: -0, y: -0, z: -0, w: 1}
  m_LocalPosition: {x: 0, y: 0, z: 0}
  m_LocalScale: {x: 1, y: 1, z: 1}
  m_Children: []
  m_Father: {fileID: 0}
  m_RootOrder: 0
  m_LocalEulerAnglesHint: {x: 0, y: 0, z: 0}
--- !u!114 &8098862184091115346
MonoBehaviour:
  m_ObjectHideFlags: 0
  m_CorrespondingSourceObject: {fileID: 0}
  m_PrefabInstance: {fileID: 0}
  m_PrefabAsset: {fileID: 0}
  m_GameObject: {fileID: 8098862184091115357}
  m_Enabled: 1
  m_EditorHideFlags: 0
  m_Script: {fileID: 11500000, guid: 841b72de2996c5c40bfb394f3d0e0a98, type: 3}
  m_Name: 
  m_EditorClassIdentifier: 
  Feedbacks:
  - {fileID: 8098862184091115347}
  - {fileID: 8098862184091115345}
  InitializationMode: 2
  DebugActive: 0
--- !u!114 &8098862184091115347
MonoBehaviour:
  m_ObjectHideFlags: 0
  m_CorrespondingSourceObject: {fileID: 0}
  m_PrefabInstance: {fileID: 0}
  m_PrefabAsset: {fileID: 0}
  m_GameObject: {fileID: 8098862184091115357}
  m_Enabled: 1
  m_EditorHideFlags: 0
  m_Script: {fileID: 11500000, guid: 6217757b48c2a8e4daa58dce87efa7c1, type: 3}
  m_Name: 
  m_EditorClassIdentifier: 
  Active: 1
  Label: Particles Instantiation Y Offset
  Chance: 100
  Timing:
    TimescaleMode: 0
    InitialDelay: 0
    CooldownDuration: 0
    NumberOfRepeats: 0
    RepeatForever: 0
    DelayBetweenRepeats: 1
    Sequence: {fileID: 0}
    TrackID: 0
    Quantized: 0
    TargetBPM: 120
  DebugActive: 0
  Mode: 1
  CachedRecycle: 0
  ParticlesPrefab: {fileID: 7039972476481422092, guid: 3ec112a5d3711784895d0b04f6143a83,
    type: 3}
  InstantiateParticlesPosition: {fileID: 8098862184091115344}
  Offset: {x: 0, y: -1.8, z: 0}
  RotateX: 1
  NestParticles: 0
--- !u!114 &8098862184091115345
MonoBehaviour:
  m_ObjectHideFlags: 0
  m_CorrespondingSourceObject: {fileID: 0}
  m_PrefabInstance: {fileID: 0}
  m_PrefabAsset: {fileID: 0}
  m_GameObject: {fileID: 8098862184091115357}
  m_Enabled: 1
  m_EditorHideFlags: 0
  m_Script: {fileID: 11500000, guid: d83ae645c92af634f89036dd5302f84a, type: 3}
  m_Name: 
  m_EditorClassIdentifier: 
  Active: 1
  Label: Flicker
  Chance: 100
  Timing:
    TimescaleMode: 0
    InitialDelay: 0
    CooldownDuration: 0
    NumberOfRepeats: 0
    RepeatForever: 0
    DelayBetweenRepeats: 1
    Sequence: {fileID: 0}
    TrackID: 0
    Quantized: 0
    TargetBPM: 120
  DebugActive: 0
  BoundRenderer: {fileID: 0}
  FlickerDuration: 0.15
  FlickerOctave: 0.15
  FlickerColor: {r: 1, g: 0.078431375, b: 0.078431375, a: 1}
